@ARTICLE{2013A&A...558A..33A,
       author = {{Astropy Collaboration} and {Robitaille}, Thomas P. and
         {Tollerud}, Erik J. and {Greenfield}, Perry and {Droettboom}, Michael and
         {Bray}, Erik and {Aldcroft}, Tom and {Davis}, Matt and
         {Ginsburg}, Adam and {Price-Whelan}, Adrian M. and
         {Kerzendorf}, Wolfgang E. and {Conley}, Alexander and {Crighton}, Neil and
         {Barbary}, Kyle and {Muna}, Demitri and {Ferguson}, Henry and
         {Grollier}, Fr{\'e}d{\'e}ric and {Parikh}, Madhura M. and
         {Nair}, Prasanth H. and {Unther}, Hans M. and {Deil}, Christoph and
         {Woillez}, Julien and {Conseil}, Simon and {Kramer}, Roban and
         {Turner}, James E.~H. and {Singer}, Leo and {Fox}, Ryan and
         {Weaver}, Benjamin A. and {Zabalza}, Victor and {Edwards}, Zachary I. and
         {Azalee Bostroem}, K. and {Burke}, D.~J. and {Casey}, Andrew R. and
         {Crawford}, Steven M. and {Dencheva}, Nadia and {Ely}, Justin and
         {Jenness}, Tim and {Labrie}, Kathleen and {Lim}, Pey Lian and
         {Pierfederici}, Francesco and {Pontzen}, Andrew and {Ptak}, Andy and
         {Refsdal}, Brian and {Servillat}, Mathieu and {Streicher}, Ole},
        title = "{Astropy: A community Python package for astronomy}",
      journal = {\aap},
     keywords = {methods: data analysis, methods: miscellaneous, virtual observatory tools, Astrophysics - Instrumentation and Methods for Astrophysics},
         year = "2013",
        month = "Oct",
       volume = {558},
          eid = {A33},
        pages = {A33},
          doi = {10.1051/0004-6361/201322068},
archivePrefix = {arXiv},
       eprint = {1307.6212},
 primaryClass = {astro-ph.IM},
       adsurl = {https://ui.adsabs.harvard.edu/abs/2013A&A...558A..33A},
      adsnote = {Provided by the SAO/NASA Astrophysics Data System}
}

@ARTICLE{1996A&AS..117..393B,
       author = {{Bertin}, E. and {Arnouts}, S.},
        title = "{SExtractor: Software for source extraction.}",
      journal = {\aaps},
     keywords = {METHODS: DATA ANALYSIS, TECHNIQUES: IMAGE PROCESSING, GALAXIES: PHOTOMETRY},
         year = "1996",
        month = "Jun",
       volume = {117},
        pages = {393-404},
          doi = {10.1051/aas:1996164},
       adsurl = {https://ui.adsabs.harvard.edu/abs/1996A&AS..117..393B},
      adsnote = {Provided by the SAO/NASA Astrophysics Data System}
      }

@InBook{Jones2014,
  Title                    = {{The LSST metrics analysis framework (MAF)}},
  Author                   = {{Jones}, R.~L. and {Yoachim}, Peter and {Chandrasekharan}, Srinivasan and
 {Connolly}, Andrew J. and {Cook}, Kem H. and {Ivezic}, {\v{Z}}eljko and
 {Krughoff}, K.~S. and {Petry}, Catherine and {Ridgway}, Stephen T.},
  Pages                    = {91490B},
  Year                     = {2014},
  Series                   = {Society of Photo-Optical Instrumentation Engineers (SPIE) Conference Series},
  Volume                   = {9149},

  Adsnote                  = {Provided by the SAO/NASA Astrophysics Data System},
  Adsurl                   = {https://ui.adsabs.harvard.edu/abs/2014SPIE.9149E..0BJ},
  Booktitle                = {\procspie},
  Doi                      = {10.1117/12.2056835},
  Eid                      = {91490B}
}      

@INBOOK{2016SPIE.9910E..1AY,
       author = {{Yoachim}, Peter and {Coughlin}, Michael and {Angeli}, George Z. and
         {Claver}, Charles F. and {Connolly}, Andrew J. and {Cook}, Kem and
         {Daniel}, Scott and {Ivezi{\'c}}, {\v{Z}}eljko and {Jones}, R. Lynne and
         {Petry}, Catherine and {Reuter}, Michael and {Stubbs}, Christopher and
         {Xin}, Bo},
        title = "{An optical to IR sky brightness model for the LSST}",
    booktitle = {\procspie},
         year = 2016,
       volume = {9910},
       series = {Society of Photo-Optical Instrumentation Engineers (SPIE) Conference Series},
          eid = {99101A},
        pages = {99101A},
          doi = {10.1117/12.2232947},
       adsurl = {https://ui.adsabs.harvard.edu/abs/2016SPIE.9910E..1AY},
      adsnote = {Provided by the SAO/NASA Astrophysics Data System}
}
      
@ARTICLE{2019ApJ...873..111I,
       author = {{Ivezi{\'c}}, {\v{Z}}eljko and {Kahn}, Steven M. and
         {Tyson}, J. Anthony and others},
        title = "{LSST: From Science Drivers to Reference Design and Anticipated Data Products}",
      journal = {\apj},
     keywords = {astrometry, cosmology: observations, Galaxy: general, methods: observational, stars: general, surveys, Astrophysics},
         year = 2019,
        month = mar,
       volume = {873},
       number = {2},
          eid = {111},
        pages = {111},
          doi = {10.3847/1538-4357/ab042c},
archivePrefix = {arXiv},
       eprint = {0805.2366},
 primaryClass = {astro-ph},
       adsurl = {https://ui.adsabs.harvard.edu/abs/2019ApJ...873..111I},
      adsnote = {Provided by the SAO/NASA Astrophysics Data System}
}

@ARTICLE{2020A&A...637L...1T,
       author = {{Tregloan-Reed}, J. and {Otarola}, A. and {Ortiz}, E. and {Molina}, V. and
         {Anais}, J. and {Gonz{\'a}lez}, R. and {Colque}, J.~P. and
         {Unda-Sanzana}, E.},
        title = "{First observations and magnitude measurement of Starlink's Darksat}",
      journal = {\aap},
     keywords = {techniques: photometric, light pollution, methods: observational, Astrophysics - Instrumentation and Methods for Astrophysics},
         year = 2020,
        month = may,
       volume = {637},
          eid = {L1},
        pages = {L1},
          doi = {10.1051/0004-6361/202037958ARXIV: 2003.07251},
archivePrefix = {arXiv},
       eprint = {2003.07251},
 primaryClass = {astro-ph.IM},
       adsurl = {https://ui.adsabs.harvard.edu/abs/2020A&A...637L...1T},
      adsnote = {Provided by the SAO/NASA Astrophysics Data System}
}

@ARTICLE{2020ApJ...892L..36M,
       author = {{McDowell}, Jonathan C.},
        title = "{The Low Earth Orbit Satellite Population and Impacts of the SpaceX Starlink Constellation}",
      journal = {\apjl},
     keywords = {Astrophysics - Instrumentation and Methods for Astrophysics},
         year = 2020,
        month = apr,
       volume = {892},
       number = {2},
          eid = {L36},
        pages = {L36},
          doi = {10.3847/2041-8213/ab8016},
archivePrefix = {arXiv},
       eprint = {2003.07446},
 primaryClass = {astro-ph.IM},
       adsurl = {https://ui.adsabs.harvard.edu/abs/2020ApJ...892L..36M},
      adsnote = {Provided by the SAO/NASA Astrophysics Data System}
}

@INPROCEEDINGS{2020AAS...23541003S,
       author = {{Seitzer}, P.},
        title = "{Mega-Constellations of Satellites and Optical Astronomy}",
    booktitle = {American Astronomical Society Meeting Abstracts},
         year = 2020,
       series = {American Astronomical Society Meeting Abstracts},
        month = jan,
          eid = {410.03},
        pages = {410.03},
       adsurl = {https://ui.adsabs.harvard.edu/abs/2020AAS...23541003S},
      adsnote = {Provided by the SAO/NASA Astrophysics Data System}
}

@ARTICLE{2020A&A...636A.121H,
       author = {{Hainaut}, Olivier R. and {Williams}, Andrew P.},
        title = "{Impact of satellite constellations on astronomical observations with ESO telescopes in the visible and infrared domains}",
      journal = {\aap},
     keywords = {light pollution, site testing, space vehicles, telescopes, Astrophysics - Instrumentation and Methods for Astrophysics},
         year = 2020,
        month = apr,
       volume = {636},
          eid = {A121},
        pages = {A121},
          doi = {10.1051/0004-6361/202037501ARXIV: 2003.01992OPEN},
archivePrefix = {arXiv},
       eprint = {2003.01992},
 primaryClass = {astro-ph.IM},
       adsurl = {https://ui.adsabs.harvard.edu/abs/2020A&A...636A.121H},
      adsnote = {Provided by the SAO/NASA Astrophysics Data System}
}

@INBOOK{2014SPIE.9154E..15T,
       author = {{Tyson}, J.~A. and {Sasian}, J. and {Gilmore}, K. and {Bradshaw}, A. and
         {Claver}, C. and {Klint}, M. and {Muller}, G. and {Poczulp}, G. and
         {Resseguie}, E.},
        title = "{LSST optical beam simulator}",
     keywords = {Astrophysics - Instrumentation and Methods for Astrophysics},
    booktitle = {\procspie},
         year = 2014,
       volume = {9154},
       series = {Society of Photo-Optical Instrumentation Engineers (SPIE) Conference Series},
          eid = {915415},
        pages = {915415},
          doi = {10.1117/12.2055604},
       adsurl = {https://ui.adsabs.harvard.edu/abs/2014SPIE.9154E..15T},
      adsnote = {Provided by the SAO/NASA Astrophysics Data System}
}

@ARTICLE{O_Connor_2015,
       author = {{O'Connor}, P.},
        title = "{Crosstalk in multi-output CCDs for LSST}",
      journal = {Journal of Instrumentation},
     keywords = {Astrophysics - Instrumentation and Methods for Astrophysics},
         year = 2015,
        month = may,
       volume = {10},
       number = {5},
          eid = {C05010},
        pages = {C05010},
          doi = {10.1088/1748-0221/10/05/C05010},
archivePrefix = {arXiv},
       eprint = {1501.04137},
 primaryClass = {astro-ph.IM},
       adsurl = {https://ui.adsabs.harvard.edu/abs/2015JInst..10C5010O},
      adsnote = {Provided by the SAO/NASA Astrophysics Data System}
}

@ARTICLE{Flaugher_2015,
       author = {{Flaugher}, B. and {Diehl}, H.~T. and {Honscheid}, K. and
         {Abbott}, T.~M.~C. and {Alvarez}, O. and {Angstadt}, R. and
         {Annis}, J.~T. and {Antonik}, M. and {Ballester}, O. and
         {Beaufore}, L. and {Bernstein}, G.~M. and {Bernstein}, R.~A. and
         {Bigelow}, B. and {Bonati}, M. and {Boprie}, D. and {Brooks}, D. and
         {Buckley-Geer}, E.~J. and {Campa}, J. and {Cardiel-Sas}, L. and {Castand
        er}, F.~J. and {Castilla}, J. and {Cease}, H. and {Cela-Ruiz}, J.~M. and
         {Chappa}, S. and {Chi}, E. and {Cooper}, C. and {da Costa}, L.~N. and
         {Dede}, E. and {Derylo}, G. and {DePoy}, D.~L. and {de Vicente}, J. and
         {Doel}, P. and {Drlica-Wagner}, A. and {Eiting}, J. and
         {Elliott}, A.~E. and {Emes}, J. and {Estrada}, J. and
         {Fausti Neto}, A. and {Finley}, D.~A. and {Flores}, R. and
         {Frieman}, J. and {Gerdes}, D. and {Gladders}, M.~D. and {Gregory}, B. and
         {Gutierrez}, G.~R. and {Hao}, J. and {Holland}, S.~E. and {Holm}, S. and
         {Huffman}, D. and {Jackson}, C. and {James}, D.~J. and {Jonas}, M. and
         {Karcher}, A. and {Karliner}, I. and {Kent}, S. and {Kessler}, R. and
         {Kozlovsky}, M. and {Kron}, R.~G. and {Kubik}, D. and {Kuehn}, K. and
         {Kuhlmann}, S. and {Kuk}, K. and {Lahav}, O. and {Lathrop}, A. and
         {Lee}, J. and {Levi}, M.~E. and {Lewis}, P. and {Li}, T.~S. and {Mand
        richenko}, I. and {Marshall}, J.~L. and {Martinez}, G. and
         {Merritt}, K.~W. and {Miquel}, R. and {Mu{\~n}oz}, F. and
         {Neilsen}, E.~H. and {Nichol}, R.~C. and {Nord}, B. and {Ogando}, R. and
         {Olsen}, J. and {Palaio}, N. and {Patton}, K. and {Peoples}, J. and
         {Plazas}, A.~A. and {Rauch}, J. and {Reil}, K. and {Rheault}, J. -P. and
         {Roe}, N.~A. and {Rogers}, H. and {Roodman}, A. and {Sanchez}, E. and
         {Scarpine}, V. and {Schindler}, R.~H. and {Schmidt}, R. and
         {Schmitt}, R. and {Schubnell}, M. and {Schultz}, K. and {Schurter}, P. and
         {Scott}, L. and {Serrano}, S. and {Shaw}, T.~M. and {Smith}, R.~C. and
         {Soares-Santos}, M. and {Stefanik}, A. and {Stuermer}, W. and
         {Suchyta}, E. and {Sypniewski}, A. and {Tarle}, G. and {Thaler}, J. and
         {Tighe}, R. and {Tran}, C. and {Tucker}, D. and {Walker}, A.~R. and
         {Wang}, G. and {Watson}, M. and {Weaverdyck}, C. and {Wester}, W. and
         {Woods}, R. and {Yanny}, B. and {DES Collaboration}},
        title = "{The Dark Energy Camera}",
      journal = {\aj},
     keywords = {atlases, catalogs, cosmology: observations, instrumentation: detectors, instrumentation: photometers, surveys, Astrophysics - Instrumentation and Methods for Astrophysics},
         year = 2015,
        month = nov,
       volume = {150},
       number = {5},
          eid = {150},
        pages = {150},
          doi = {10.1088/0004-6256/150/5/150},
archivePrefix = {arXiv},
       eprint = {1504.02900},
 primaryClass = {astro-ph.IM},
       adsurl = {https://ui.adsabs.harvard.edu/abs/2015AJ....150..150F},
      adsnote = {Provided by the SAO/NASA Astrophysics Data System}
}

@ARTICLE{Antilogus_2017,
       author = {{Antilogus}, P. and {Bailly}, P. and {Barrillon}, P. and {Dhellot}, M. and
         {El berni}, A. and {Jeglot}, J. and {Juramy-Gilles}, C. and
         {Lebbolo}, H. and {Martin}, D. and {Moniez}, M. and {Vallerand}, P.},
        title = "{ASPIC and CABAC: two ASICs to readout and pilot CCD}",
      journal = {Journal of Instrumentation},
         year = 2017,
        month = mar,
       volume = {12},
       number = {3},
        pages = {C03017},
          doi = {10.1088/1748-0221/12/03/C03017},
       adsurl = {https://ui.adsabs.harvard.edu/abs/2017JInst..12C3017A},
      adsnote = {Provided by the SAO/NASA Astrophysics Data System}
}

@INBOOK{Valdes_2014,
       author = {{Valdes}, F., and {Gruendl}, R., and {DES Project}},
        title = "{The DECam Community Pipeline}",
    booktitle = {Astronomical Data Analysis Software and Systems XXIII},
         year = 2014,
       volume = {485},
       pages = {379},
       series = {ASP Conference Series},
       adsurl = {https://ui.adsabs.harvard.edu/abs/2014ASPC..485..379V},
      adsnote = {Provided by the SAO/NASA Astrophysics Data System}
}
@ARTICLE{Lampoudi2015,
       author = {{Lampoudi}, Sotiria and {Saunders}, Eric and {Eastman}, Jason},
        title = "{An Integer Linear Programming Solution to the Telescope Network Scheduling Problem}",
      journal = {arXiv e-prints},
     keywords = {Astrophysics - Instrumentation and Methods for Astrophysics, Computer Science - Data Structures and Algorithms},
         year = 2015,
        month = mar,
          eid = {arXiv:1503.07170},
        pages = {arXiv:1503.07170},
archivePrefix = {arXiv},
       eprint = {1503.07170},
 primaryClass = {astro-ph.IM},
       adsurl = {https://ui.adsabs.harvard.edu/abs/2015arXiv150307170L},
      adsnote = {Provided by the SAO/NASA Astrophysics Data System}
}
@ARTICLE{Solar2016,
       author = {{Solar}, M. and {Michelon}, P. and {Avarias}, J. and {Garces}, M.},
        title = "{A scheduling model for astronomy}",
      journal = {Astronomy and Computing},
     keywords = {Astronomical scheduling problem, Dynamic scheduling, Astronomy scheduler},
         year = 2016,
        month = apr,
       volume = {15},
        pages = {90-104},
          doi = {10.1016/j.ascom.2016.02.005},
       adsurl = {https://ui.adsabs.harvard.edu/abs/2016A&C....15...90S},
      adsnote = {Provided by the SAO/NASA Astrophysics Data System}
}



@ARTICLE{Bellm19,
       author = {{Bellm}, Eric C. and {Kulkarni}, Shrinivas R. and {Barlow}, Tom and
         {Feindt}, Ulrich and {Graham}, Matthew J. and {Goobar}, Ariel and
         {Kupfer}, Thomas and {Ngeow}, Chow-Choong and {Nugent}, Peter and
         {Ofek}, Eran and {Prince}, Thomas A. and {Riddle}, Reed and
         {Walters}, Richard and {Ye}, Quan-Zhi},
        title = "{The Zwicky Transient Facility: Surveys and Scheduler}",
      journal = {\pasp},
     keywords = {Astrophysics - Instrumentation and Methods for Astrophysics},
         year = 2019,
        month = jun,
       volume = {131},
       number = {1000},
        pages = {068003},
          doi = {10.1088/1538-3873/ab0c2a},
archivePrefix = {arXiv},
       eprint = {1905.02209},
 primaryClass = {astro-ph.IM},
       adsurl = {https://ui.adsabs.harvard.edu/abs/2019PASP..131f8003B},
      adsnote = {Provided by the SAO/NASA Astrophysics Data System}
}

@Article{Naghib2019,
  Title                    = {{A Framework for Telescope Schedulers: With Applications to the Large Synoptic Survey Telescope}},
  Author                   = {{Naghib}, Elahesadat and {Yoachim}, Peter and {Vanderbei}, Robert J. and
 {Connolly}, Andrew J. and {Jones}, R. Lynne},
  Journal                  = {\aj},
  Year                     = {2019},

  Month                    = apr,
  Number                   = {4},
  Pages                    = {151},
  Volume                   = {157},

  Adsnote                  = {Provided by the SAO/NASA Astrophysics Data System},
  Adsurl                   = {https://ui.adsabs.harvard.edu/abs/2019AJ....157..151N},
  Archiveprefix            = {arXiv},
  Doi                      = {10.3847/1538-3881/aafece},
  Eid                      = {151},
  Eprint                   = {1810.04815},
  Keywords                 = {telescopes, instrumentation: miscellaneous, surveys, Astrophysics - Instrumentation and Methods for Astrophysics},
  Primaryclass             = {astro-ph.IM}
}

@InProceedings{Delgado06,
  Title                    = {{LSST operation simulator implementation}},
  Author                   = {{Delgado}, F. and {Cook}, K. and {Miller}, M. and {Allsman}, R. and {Pierfederici}, F.},
  Booktitle                = {Society of Photo-Optical Instrumentation Engineers (SPIE) Conference Series},
  Year                     = {2006},
  Month                    = jul,
  Series                   = {Society of Photo-Optical Instrumentation Engineers (SPIE) Conference Series},
  Volume                   = {6270},

  Adsnote                  = {Provided by the SAO/NASA Astrophysics Data System},
  Adsurl                   = {http://adsabs.harvard.edu/abs/2006SPIE.6270E..45D},
  Doi                      = {10.1117/12.671992},
  File                     = {Opsim06.pdf:Opsim06.pdf:PDF}
}

@INBOOK{2019ASPC..523..521B,
       author = {{Bosch}, James and {AlSayyad}, Yusra and {Armstrong}, Robert and
         {Bellm}, Eric and {Chiang}, Hsin-Fang and {Eggl}, Siegfried and
         {Findeisen}, Krzysztof and {Fisher-Levine}, Merlin and
         {Guy}, Leanne P. and {Guyonnet}, Augustin and
         {Ivezi{\'c}}, {\v{Z}}eljko and {Jenness}, Tim and
         {Kov{\'a}cs}, G{\'a}bor and {Krughoff}, K. Simon and
         {Lupton}, Robert H. and {Lust}, Nate B. and {MacArthur}, Lauren A. and
         {Meyers}, Joshua and {Moolekamp}, Fred and {Morrison}, Christopher B. and
         {Morton}, Timothy D. and {O'Mullane}, William and {Parejko}, John K. and
         {Plazas}, Andr{\'e}s A. and {Price}, Paul A. and {Rawls}, Meredith L. and
         {Reed}, Sophie L. and {Schellart}, Pim and {Slater}, Colin T. and
         {Sullivan}, Ian and {Swinbank}, John D. and {Taranu}, Dan and
         {Waters}, Christopher Z. and {Wood-Vasey}, W.~M.},
        title = "{An Overview of the LSST Image Processing Pipelines}",
     keywords = {Astrophysics - Instrumentation and Methods for Astrophysics},
    booktitle = {Astronomical Data Analysis Software and Systems XXVII},
         year = 2019,
       editor = {{Teuben}, Peter J. and {Pound}, Marc W. and {Thomas}, Brian A. and
         {Warner}, Elizabeth M.},
       volume = {523},
       series = {Astronomical Society of the Pacific Conference Series},
        pages = {521},
       adsurl = {https://ui.adsabs.harvard.edu/abs/2019ASPC..523..521B},
      adsnote = {Provided by the SAO/NASA Astrophysics Data System}
}

@ARTICLE{2018A&A...616A...1G,
       author = {{Gaia Collaboration} and {Brown}, A.~G.~A. and {Vallenari}, A. and
         {Prusti}, T. and {de Bruijne}, J.~H.~J. and {Babusiaux}, C. and
         {Bailer-Jones}, C.~A.~L. and {Biermann}, M. and {Evans}, D.~W. and
         {Eyer}, L. and {Jansen}, F. and {Jordi}, C. and {Klioner}, S.~A. and
         {Lammers}, U. and {Lindegren}, L. and {Luri}, X. and {Mignard}, F. and
         {Panem}, C. and {Pourbaix}, D. and {Randich}, S. and {Sartoretti}, P. and
         {Siddiqui}, H.~I. and {Soubiran}, C. and {van Leeuwen}, F. and
         {Walton}, N.~A. and {Arenou}, F. and {Bastian}, U. and {Cropper}, M. and
         {Drimmel}, R. and {Katz}, D. and {Lattanzi}, M.~G. and {Bakker}, J. and
         {Cacciari}, C. and {Casta{\~n}eda}, J. and {Chaoul}, L. and
         {Cheek}, N. and {De Angeli}, F. and {Fabricius}, C. and {Guerra}, R. and
         {Holl}, B. and {Masana}, E. and {Messineo}, R. and {Mowlavi}, N. and
         {Nienartowicz}, K. and {Panuzzo}, P. and {Portell}, J. and
         {Riello}, M. and {Seabroke}, G.~M. and {Tanga}, P. and
         {Th{\'e}venin}, F. and {Gracia-Abril}, G. and {Comoretto}, G. and
         {Garcia-Reinaldos}, M. and {Teyssier}, D. and {Altmann}, M. and
         {Andrae}, R. and {Audard}, M. and {Bellas-Velidis}, I. and
         {Benson}, K. and {Berthier}, J. and {Blomme}, R. and {Burgess}, P. and
         {Busso}, G. and {Carry}, B. and {Cellino}, A. and {Clementini}, G. and
         {Clotet}, M. and {Creevey}, O. and {Davidson}, M. and {De Ridder}, J. and
         {Delchambre}, L. and {Dell'Oro}, A. and {Ducourant}, C. and
         {Fern{\'a}ndez-Hern{\'a}ndez}, J. and {Fouesneau}, M. and
         {Fr{\'e}mat}, Y. and {Galluccio}, L. and {Garc{\'\i}a-Torres}, M. and
         {Gonz{\'a}lez-N{\'u}{\~n}ez}, J. and {Gonz{\'a}lez-Vidal}, J.~J. and
         {Gosset}, E. and {Guy}, L.~P. and {Halbwachs}, J. -L. and
         {Hambly}, N.~C. and {Harrison}, D.~L. and {Hern{\'a}ndez}, J. and
         {Hestroffer}, D. and {Hodgkin}, S.~T. and {Hutton}, A. and
         {Jasniewicz}, G. and {Jean-Antoine-Piccolo}, A. and {Jordan}, S. and
         {Korn}, A.~J. and {Krone-Martins}, A. and {Lanzafame}, A.~C. and
         {Lebzelter}, T. and {L{\"o}ffler}, W. and {Manteiga}, M. and
         {Marrese}, P.~M. and {Mart{\'\i}n-Fleitas}, J.~M. and {Moitinho}, A. and
         {Mora}, A. and {Muinonen}, K. and {Osinde}, J. and {Pancino}, E. and
         {Pauwels}, T. and {Petit}, J. -M. and {Recio-Blanco}, A. and
         {Richards}, P.~J. and {Rimoldini}, L. and {Robin}, A.~C. and
         {Sarro}, L.~M. and {Siopis}, C. and {Smith}, M. and {Sozzetti}, A. and
         {S{\"u}veges}, M. and {Torra}, J. and {van Reeven}, W. and {Abbas}, U. and
         {Abreu Aramburu}, A. and {Accart}, S. and {Aerts}, C. and
         {Altavilla}, G. and {{\'A}lvarez}, M.~A. and {Alvarez}, R. and
         {Alves}, J. and {Anderson}, R.~I. and {Andrei}, A.~H. and
         {Anglada Varela}, E. and {Antiche}, E. and {Antoja}, T. and
         {Arcay}, B. and {Astraatmadja}, T.~L. and {Bach}, N. and
         {Baker}, S.~G. and {Balaguer-N{\'u}{\~n}ez}, L. and {Balm}, P. and
         {Barache}, C. and {Barata}, C. and {Barbato}, D. and {Barblan}, F. and
         {Barklem}, P.~S. and {Barrado}, D. and {Barros}, M. and
         {Barstow}, M.~A. and {Bartholom{\'e} Mu{\~n}oz}, S. and
         {Bassilana}, J. -L. and {Becciani}, U. and {Bellazzini}, M. and
         {Berihuete}, A. and {Bertone}, S. and {Bianchi}, L. and
         {Bienaym{\'e}}, O. and {Blanco-Cuaresma}, S. and {Boch}, T. and
         {Boeche}, C. and {Bombrun}, A. and {Borrachero}, R. and {Bossini}, D. and
         {Bouquillon}, S. and {Bourda}, G. and {Bragaglia}, A. and
         {Bramante}, L. and {Breddels}, M.~A. and {Bressan}, A. and
         {Brouillet}, N. and {Br{\"u}semeister}, T. and {Brugaletta}, E. and
         {Bucciarelli}, B. and {Burlacu}, A. and {Busonero}, D. and
         {Butkevich}, A.~G. and {Buzzi}, R. and {Caffau}, E. and
         {Cancelliere}, R. and {Cannizzaro}, G. and {Cantat-Gaudin}, T. and
         {Carballo}, R. and {Carlucci}, T. and {Carrasco}, J.~M. and
         {Casamiquela}, L. and {Castellani}, M. and {Castro-Ginard}, A. and
         {Charlot}, P. and {Chemin}, L. and {Chiavassa}, A. and {Cocozza}, G. and
         {Costigan}, G. and {Cowell}, S. and {Crifo}, F. and {Crosta}, M. and
         {Crowley}, C. and {Cuypers}, J. and {Dafonte}, C. and {Damerdji}, Y. and
         {Dapergolas}, A. and {David}, P. and {David}, M. and {de Laverny}, P. and
         {De Luise}, F. and {De March}, R. and {de Martino}, D. and
         {de Souza}, R. and {de Torres}, A. and {Debosscher}, J. and
         {del Pozo}, E. and {Delbo}, M. and {Delgado}, A. and {Delgado}, H.~E. and
         {Di Matteo}, P. and {Diakite}, S. and {Diener}, C. and {Distefano}, E. and
         {Dolding}, C. and {Drazinos}, P. and {Dur{\'a}n}, J. and
         {Edvardsson}, B. and {Enke}, H. and {Eriksson}, K. and {Esquej}, P. and
         {Eynard Bontemps}, G. and {Fabre}, C. and {Fabrizio}, M. and
         {Faigler}, S. and {Falc{\~a}o}, A.~J. and {Farr{\`a}s Casas}, M. and
         {Federici}, L. and {Fedorets}, G. and {Fernique}, P. and
         {Figueras}, F. and {Filippi}, F. and {Findeisen}, K. and {Fonti}, A. and
         {Fraile}, E. and {Fraser}, M. and {Fr{\'e}zouls}, B. and {Gai}, M. and
         {Galleti}, S. and {Garabato}, D. and {Garc{\'\i}a-Sedano}, F. and
         {Garofalo}, A. and {Garralda}, N. and {Gavel}, A. and {Gavras}, P. and
         {Gerssen}, J. and {Geyer}, R. and {Giacobbe}, P. and {Gilmore}, G. and
         {Girona}, S. and {Giuffrida}, G. and {Glass}, F. and {Gomes}, M. and
         {Granvik}, M. and {Gueguen}, A. and {Guerrier}, A. and {Guiraud}, J. and
         {Guti{\'e}rrez-S{\'a}nchez}, R. and {Haigron}, R. and
         {Hatzidimitriou}, D. and {Hauser}, M. and {Haywood}, M. and
         {Heiter}, U. and {Helmi}, A. and {Heu}, J. and {Hilger}, T. and
         {Hobbs}, D. and {Hofmann}, W. and {Holland}, G. and {Huckle}, H.~E. and
         {Hypki}, A. and {Icardi}, V. and {Jan{\ss}en}, K. and
         {Jevardat de Fombelle}, G. and {Jonker}, P.~G. and
         {Juh{\'a}sz}, {\'A}. L. and {Julbe}, F. and {Karampelas}, A. and
         {Kewley}, A. and {Klar}, J. and {Kochoska}, A. and {Kohley}, R. and
         {Kolenberg}, K. and {Kontizas}, M. and {Kontizas}, E. and
         {Koposov}, S.~E. and {Kordopatis}, G. and {Kostrzewa-Rutkowska}, Z. and
         {Koubsky}, P. and {Lambert}, S. and {Lanza}, A.~F. and {Lasne}, Y. and
         {Lavigne}, J. -B. and {Le Fustec}, Y. and {Le Poncin-Lafitte}, C. and
         {Lebreton}, Y. and {Leccia}, S. and {Leclerc}, N. and
         {Lecoeur-Taibi}, I. and {Lenhardt}, H. and {Leroux}, F. and {Liao}, S. and
         {Licata}, E. and {Lindstr{\o}m}, H.~E.~P. and {Lister}, T.~A. and
         {Livanou}, E. and {Lobel}, A. and {L{\'o}pez}, M. and {Managau}, S. and
         {Mann}, R.~G. and {Mantelet}, G. and {Marchal}, O. and
         {Marchant}, J.~M. and {Marconi}, M. and {Marinoni}, S. and
         {Marschalk{\'o}}, G. and {Marshall}, D.~J. and {Martino}, M. and
         {Marton}, G. and {Mary}, N. and {Massari}, D. and
         {Matijevi{\v{c}}}, G. and {Mazeh}, T. and {McMillan}, P.~J. and
         {Messina}, S. and {Michalik}, D. and {Millar}, N.~R. and {Molina}, D. and
         {Molinaro}, R. and {Moln{\'a}r}, L. and {Montegriffo}, P. and
         {Mor}, R. and {Morbidelli}, R. and {Morel}, T. and {Morris}, D. and
         {Mulone}, A.~F. and {Muraveva}, T. and {Musella}, I. and
         {Nelemans}, G. and {Nicastro}, L. and {Noval}, L. and {O'Mullane}, W. and
         {Ord{\'e}novic}, C. and {Ord{\'o}{\~n}ez-Blanco}, D. and {Osborne}, P. and
         {Pagani}, C. and {Pagano}, I. and {Pailler}, F. and {Palacin}, H. and
         {Palaversa}, L. and {Panahi}, A. and {Pawlak}, M. and
         {Piersimoni}, A.~M. and {Pineau}, F. -X. and {Plachy}, E. and
         {Plum}, G. and {Poggio}, E. and {Poujoulet}, E. and {Pr{\v{s}}a}, A. and
         {Pulone}, L. and {Racero}, E. and {Ragaini}, S. and {Rambaux}, N. and
         {Ramos-Lerate}, M. and {Regibo}, S. and {Reyl{\'e}}, C. and
         {Riclet}, F. and {Ripepi}, V. and {Riva}, A. and {Rivard}, A. and
         {Rixon}, G. and {Roegiers}, T. and {Roelens}, M. and
         {Romero-G{\'o}mez}, M. and {Rowell}, N. and {Royer}, F. and
         {Ruiz-Dern}, L. and {Sadowski}, G. and {Sagrist{\`a} Sell{\'e}s}, T. and
         {Sahlmann}, J. and {Salgado}, J. and {Salguero}, E. and {Sanna}, N. and
         {Santana-Ros}, T. and {Sarasso}, M. and {Savietto}, H. and
         {Schultheis}, M. and {Sciacca}, E. and {Segol}, M. and
         {Segovia}, J.~C. and {S{\'e}gransan}, D. and {Shih}, I. -C. and
         {Siltala}, L. and {Silva}, A.~F. and {Smart}, R.~L. and {Smith}, K.~W. and
         {Solano}, E. and {Solitro}, F. and {Sordo}, R. and {Soria Nieto}, S. and
         {Souchay}, J. and {Spagna}, A. and {Spoto}, F. and {Stampa}, U. and
         {Steele}, I.~A. and {Steidelm{\"u}ller}, H. and {Stephenson}, C.~A. and
         {Stoev}, H. and {Suess}, F.~F. and {Surdej}, J. and {Szabados}, L. and
         {Szegedi-Elek}, E. and {Tapiador}, D. and {Taris}, F. and {Tauran}, G. and
         {Taylor}, M.~B. and {Teixeira}, R. and {Terrett}, D. and {Teyssand
        ier}, P. and {Thuillot}, W. and {Titarenko}, A. and {Torra Clotet}, F. and
         {Turon}, C. and {Ulla}, A. and {Utrilla}, E. and {Uzzi}, S. and
         {Vaillant}, M. and {Valentini}, G. and {Valette}, V. and
         {van Elteren}, A. and {Van Hemelryck}, E. and {van Leeuwen}, M. and
         {Vaschetto}, M. and {Vecchiato}, A. and {Veljanoski}, J. and
         {Viala}, Y. and {Vicente}, D. and {Vogt}, S. and {von Essen}, C. and
         {Voss}, H. and {Votruba}, V. and {Voutsinas}, S. and {Walmsley}, G. and
         {Weiler}, M. and {Wertz}, O. and {Wevers}, T. and {Wyrzykowski}, {\L}. and
         {Yoldas}, A. and {{\v{Z}}erjal}, M. and {Ziaeepour}, H. and
         {Zorec}, J. and {Zschocke}, S. and {Zucker}, S. and {Zurbach}, C. and
         {Zwitter}, T.},
        title = "{Gaia Data Release 2. Summary of the contents and survey properties}",
      journal = {\aap},
     keywords = {catalogs, astrometry, techniques: radial velocities, stars: fundamental parameters, stars: variables: general, minor planets, asteroids: general, Astrophysics - Astrophysics of Galaxies, Astrophysics - Instrumentation and Methods for Astrophysics},
         year = 2018,
        month = aug,
       volume = {616},
          eid = {A1},
        pages = {A1},
          doi = {10.1051/0004-6361/201833051},
archivePrefix = {arXiv},
       eprint = {1804.09365},
 primaryClass = {astro-ph.GA},
       adsurl = {https://ui.adsabs.harvard.edu/abs/2018A&A...616A...1G},
      adsnote = {Provided by the SAO/NASA Astrophysics Data System}
}

@ARTICLE{2016arXiv161205243F,
       author = {{Flewelling}, H.~A. and {Magnier}, E.~A. and {Chambers}, K.~C. and
         {Heasley}, J.~N. and {Holmberg}, C. and {Huber}, M.~E. and
         {Sweeney}, W. and {Waters}, C.~Z. and {Calamida}, A. and
         {Casertano}, S. and {Chen}, X. and {Farrow}, D. and {Hasinger}, G. and
         {Henderson}, R. and {Long}, K.~S. and {Metcalfe}, N. and {Narayan}, G. and
         {Nieto-Santisteban}, M.~A. and {Norberg}, P. and {Rest}, A. and
         {Saglia}, R.~P. and {Szalay}, A. and {Thakar}, A.~R. and
         {Tonry}, J.~L. and {Valenti}, J. and {Werner}, S. and {White}, R. and
         {Denneau}, L. and {Draper}, P.~W. and {Hodapp}, K.~W. and
         {Jedicke}, R. and {Kaiser}, N. and {Kudritzki}, R.~P. and
         {Price}, P.~A. and {Wainscoat}, R.~J. and {Builders}, P.~S. and
         {Chastel}, S. and {McLean}, B. and {Postman}, M. and {Shiao}, B.},
        title = "{The Pan-STARRS1 Database and Data Products}",
      journal = {arXiv e-prints},
     keywords = {Astrophysics - Instrumentation and Methods for Astrophysics},
         year = 2016,
        month = dec,
          eid = {arXiv:1612.05243},
        pages = {arXiv:1612.05243},
archivePrefix = {arXiv},
       eprint = {1612.05243},
 primaryClass = {astro-ph.IM},
       adsurl = {https://ui.adsabs.harvard.edu/abs/2016arXiv161205243F},
      adsnote = {Provided by the SAO/NASA Astrophysics Data System}
}

@BOOK{NAP12951,
  author    = "{National Research Council}",
  title     = "New Worlds, New Horizons in Astronomy and Astrophysics",
  isbn      = "978-0-309-15799-5",
  doi       = "10.17226/12951",
  abstract  = "Driven by discoveries, and enabled by leaps in technology and imagination, our understanding of the universe has changed dramatically during the course of the last few decades. The fields of astronomy and astrophysics are making new connections to physics, chemistry, biology, and computer science. Based on a broad and comprehensive survey of scientific opportunities, infrastructure, and organization in a national and international context, New Worlds, New Horizons in Astronomy and Astrophysics outlines a plan for ground- and space- based astronomy and astrophysics for the decade of the 2010's.\nRealizing these scientific opportunities is contingent upon maintaining and strengthening the foundations of the research enterprise including technological development, theory, computation and data handling, laboratory experiments, and human resources. New Worlds, New Horizons in Astronomy and Astrophysics proposes enhancing innovative but moderate-cost programs in space and on the ground that will enable the community to respond rapidly and flexibly to new scientific discoveries. The book recommends beginning construction on survey telescopes in space and on the ground to investigate the nature of dark energy, as well as the next generation of large ground-based giant optical telescopes and a new class of space-based gravitational observatory to observe the merging of distant black holes and precisely test theories of gravity.\nNew Worlds, New Horizons in Astronomy and Astrophysics recommends a balanced and executable program that will support research surrounding the most profound questions about the cosmos. The discoveries ahead will facilitate the search for habitable planets, shed light on dark energy and dark matter, and aid our understanding of the history of the universe and how the earliest stars and galaxies formed. The book is a useful resource for agencies supporting the field of astronomy and astrophysics, the Congressional committees with jurisdiction over those agencies, the scientific community, and the public.\n ",
  url       = "https://www.nap.edu/catalog/12951/new-worlds-new-horizons-in-astronomy-and-astrophysics",
  year      = 2010,
  publisher = "The National Academies Press",
  address   = "Washington, DC"
}

@ARTICLE{scipy,
       author = {{Virtanen}, Pauli and {Gommers}, Ralf and {Oliphant},
         Travis E. and {Haberland}, Matt and {Reddy}, Tyler and
         {Cournapeau}, David and {Burovski}, Evgeni and {Peterson}, Pearu
         and {Weckesser}, Warren and {Bright}, Jonathan and {van der Walt},
         St{\'e}fan J.  and {Brett}, Matthew and {Wilson}, Joshua and
         {Jarrod Millman}, K.  and {Mayorov}, Nikolay and {Nelson}, Andrew
         R.~J. and {Jones}, Eric and {Kern}, Robert and {Larson}, Eric and
         {Carey}, CJ and {Polat}, {\.I}lhan and {Feng}, Yu and {Moore},
         Eric W. and {Vand erPlas}, Jake and {Laxalde}, Denis and
         {Perktold}, Josef and {Cimrman}, Robert and {Henriksen}, Ian and
         {Quintero}, E.~A. and {Harris}, Charles R and {Archibald}, Anne M.
         and {Ribeiro}, Ant{\^o}nio H. and {Pedregosa}, Fabian and
         {van Mulbregt}, Paul and {Contributors}, SciPy 1. 0},
        title = "{SciPy 1.0: Fundamental Algorithms for Scientific
                  Computing in Python}",
      journal = {Nature Methods},
      year = "2020",
      volume={17},
      pages={261--272},
      adsurl = {https://rdcu.be/b08Wh},
      doi = {https://doi.org/10.1038/s41592-019-0686-2},
}

@article{astropy:2013,
    Adsnote = {Provided by the SAO/NASA Astrophysics Data System},
    Adsurl = {http://adsabs.harvard.edu/abs/2013A%26A...558A..33A},
    Archiveprefix = {arXiv},
    Author = {{Astropy Collaboration} and {Robitaille}, T.~P. and {Tollerud}, E.~J. and {Greenfield}, P. and {Droettboom}, M. and {Bray}, E. and {Aldcroft}, T. and {Davis}, M. and {Ginsburg}, A. and {Price-Whelan}, A.~M. and {Kerzendorf}, W.~E. and {Conley}, A. and {Crighton}, N. and {Barbary}, K. and {Muna}, D. and {Ferguson}, H. and {Grollier}, F. and {Parikh}, M.~M. and {Nair}, P.~H. and {Unther}, H.~M. and {Deil}, C. and {Woillez}, J. and {Conseil}, S. and {Kramer}, R. and {Turner}, J.~E.~H. and {Singer}, L. and {Fox}, R. and {Weaver}, B.~A. and {Zabalza}, V. and {Edwards}, Z.~I. and {Azalee Bostroem}, K. and {Burke}, D.~J. and {Casey}, A.~R. and {Crawford}, S.~M. and {Dencheva}, N. and {Ely}, J. and {Jenness}, T. and {Labrie}, K. and {Lim}, P.~L. and {Pierfederici}, F. and {Pontzen}, A. and {Ptak}, A. and {Refsdal}, B. and {Servillat}, M. and {Streicher}, O.},
    Doi = {10.1051/0004-6361/201322068},
    Eid = {A33},
    Eprint = {1307.6212},
    Journal = {\aap},
    Keywords = {methods: data analysis, methods: miscellaneous, virtual observatory tools},
    Month = oct,
    Pages = {A33},
    Primaryclass = {astro-ph.IM},
    Title = {{Astropy: A community Python package for astronomy}},
    Volume = 558,
    Year = 2013,
    Bdsk-Url-1 = {https://dx.doi.org/10.1051/0004-6361/201322068}
}

@article{astropy:2018,
    Adsnote = {Provided by the SAO/NASA Astrophysics Data System},
    Adsurl = {https://ui.adsabs.harvard.edu/#abs/2018AJ....156..123T},
    Author = {{Price-Whelan}, A.~M. and {Sip{\H{o}}cz}, B.~M. and {G{\"u}nther}, H.~M. and {Lim}, P.~L. and {Crawford}, S.~M. and {Conseil}, S. and {Shupe}, D.~L. and {Craig}, M.~W. and {Dencheva}, N. and {Ginsburg}, A. and {VanderPlas}, J.~T. and {Bradley}, L.~D. and {P{\'e}rez-Su{\'a}rez}, D. and {de Val-Borro}, M. and {Paper Contributors}, (Primary and {Aldcroft}, T.~L. and {Cruz}, K.~L. and {Robitaille}, T.~P. and {Tollerud}, E.~J. and {Coordination Committee}, (Astropy and {Ardelean}, C. and {Babej}, T. and {Bach}, Y.~P. and {Bachetti}, M. and {Bakanov}, A.~V. and {Bamford}, S.~P. and {Barentsen}, G. and {Barmby}, P. and {Baumbach}, A. and {Berry}, K.~L. and {Biscani}, F. and {Boquien}, M. and {Bostroem}, K.~A. and {Bouma}, L.~G. and {Brammer}, G.~B. and {Bray}, E.~M. and {Breytenbach}, H. and {Buddelmeijer}, H. and {Burke}, D.~J. and {Calderone}, G. and {Cano Rodr{\'\i}guez}, J.~L. and {Cara}, M. and {Cardoso}, J.~V.~M. and {Cheedella}, S. and {Copin}, Y. and {Corrales}, L. and {Crichton}, D. and {D{\textquoteright}Avella}, D. and {Deil}, C. and {Depagne}, {\'E}. and {Dietrich}, J.~P. and {Donath}, A. and {Droettboom}, M. and {Earl}, N. and {Erben}, T. and {Fabbro}, S. and {Ferreira}, L.~A. and {Finethy}, T. and {Fox}, R.~T. and {Garrison}, L.~H. and {Gibbons}, S.~L.~J. and {Goldstein}, D.~A. and {Gommers}, R. and {Greco}, J.~P. and {Greenfield}, P. and {Groener}, A.~M. and {Grollier}, F. and {Hagen}, A. and {Hirst}, P. and {Homeier}, D. and {Horton}, A.~J. and {Hosseinzadeh}, G. and {Hu}, L. and {Hunkeler}, J.~S. and {Ivezi{\'c}}, {\v{Z}}. and {Jain}, A. and {Jenness}, T. and {Kanarek}, G. and {Kendrew}, S. and {Kern}, N.~S. and {Kerzendorf}, W.~E. and {Khvalko}, A. and {King}, J. and {Kirkby}, D. and {Kulkarni}, A.~M. and {Kumar}, A. and {Lee}, A. and {Lenz}, D. and {Littlefair}, S.~P. and {Ma}, Z. and {Macleod}, D.~M. and {Mastropietro}, M. and {McCully}, C. and {Montagnac}, S. and {Morris}, B.~M. and {Mueller}, M. and {Mumford}, S.~J. and {Muna}, D. and {Murphy}, N.~A. and {Nelson}, S. and {Nguyen}, G.~H. and {Ninan}, J.~P. and {N{\"o}the}, M. and {Ogaz}, S. and {Oh}, S. and {Parejko}, J.~K. and {Parley}, N. and {Pascual}, S. and {Patil}, R. and {Patil}, A.~A. and {Plunkett}, A.~L. and {Prochaska}, J.~X. and {Rastogi}, T. and {Reddy Janga}, V. and {Sabater}, J. and {Sakurikar}, P. and {Seifert}, M. and {Sherbert}, L.~E. and {Sherwood-Taylor}, H. and {Shih}, A.~Y. and {Sick}, J. and {Silbiger}, M.~T. and {Singanamalla}, S. and {Singer}, L.~P. and {Sladen}, P.~H. and {Sooley}, K.~A. and {Sornarajah}, S. and {Streicher}, O. and {Teuben}, P. and {Thomas}, S.~W. and {Tremblay}, G.~R. and {Turner}, J.~E.~H. and {Terr{\'o}n}, V. and {van Kerkwijk}, M.~H. and {de la Vega}, A. and {Watkins}, L.~L. and {Weaver}, B.~A. and {Whitmore}, J.~B. and {Woillez}, J. and {Zabalza}, V. and {Contributors}, (Astropy},
    Doi = {10.3847/1538-3881/aabc4f},
    Eid = {123},
    Journal = {\aj},
    Keywords = {methods: data analysis, methods: miscellaneous, methods: statistical, reference systems, Astrophysics - Instrumentation and Methods for Astrophysics},
    Month = Sep,
    Pages = {123},
    Primaryclass = {astro-ph.IM},
    Title = {{The Astropy Project: Building an Open-science Project and Status of the v2.0 Core Package}},
    Volume = {156},
    Year = 2018,
    Bdsk-Url-1 = {https://doi.org/10.3847/1538-3881/aabc4f}
}

@ARTICLE{matplotlib,  author={J. D. {Hunter}},  journal={Computing in Science   Engineering},  title={Matplotlib: A 2D Graphics Environment},   year={2007},  volume={9},  number={3},  pages={90-95},}

@software{pandas,
    author       = {The pandas development team},
    title        = {pandas-dev/pandas: Pandas},
    month        = feb,
    year         = 2020,
    publisher    = {Zenodo},
    version      = {latest},
    doi          = {10.5281/zenodo.3509134},
    url          = {https://doi.org/10.5281/zenodo.3509134}
}

@Misc{numpy,
  author =    {Travis Oliphant},
  title =     {{NumPy}: A guide to {NumPy}},
  year =      {2006--},
  howpublished = {USA: Trelgol Publishing},
  url = "http://www.numpy.org/",
  note = {[Online; accessed <today>]}
 }
 
 @ARTICLE{galsim,
       author = {{Rowe}, B.~T.~P. and {Jarvis}, M. and {Mandelbaum}, R. and
         {Bernstein}, G.~M. and {Bosch}, J. and {Simet}, M. and {Meyers}, J.~E. and
         {Kacprzak}, T. and {Nakajima}, R. and {Zuntz}, J. and {Miyatake}, H. and
         {Dietrich}, J.~P. and {Armstrong}, R. and {Melchior}, P. and
         {Gill}, M.~S.~S.},
        title = "{GALSIM: The modular galaxy image simulation toolkit}",
      journal = {Astronomy and Computing},
     keywords = {Methods: data analysis, Techniques: image processing, Gravitational lensing, Cosmology: observations, Astrophysics - Instrumentation and Methods for Astrophysics, Astrophysics - Cosmology and Nongalactic Astrophysics, 85-04},
         year = 2015,
        month = apr,
       volume = {10},
        pages = {121-150},
          doi = {10.1016/j.ascom.2015.02.002},
archivePrefix = {arXiv},
       eprint = {1407.7676},
 primaryClass = {astro-ph.IM},
       adsurl = {https://ui.adsabs.harvard.edu/abs/2015A&C....10..121R},
      adsnote = {Provided by the SAO/NASA Astrophysics Data System}
}

@ARTICLE{2007PASJ...59..841I,
       author = {{Iye}, M. and {Tanaka}, M. and {Yanagisawa}, M. and {Ebizuka}, N. and
         {Ohnishi}, K. and {Hirose}, C. and {Asami}, N. and {Komiyama}, Y. and
         {Furusawa}, H.},
        title = "{SuprimeCam Observation of Sporadic Meteors during Perseids 2004}",
      journal = {\pasj},
     keywords = {Astrophysics},
         year = 2007,
        month = aug,
       volume = {59},
        pages = {841-855},
          doi = {10.1093/pasj/59.4.841},
archivePrefix = {arXiv},
       eprint = {0704.3491},
 primaryClass = {astro-ph},
       adsurl = {https://ui.adsabs.harvard.edu/abs/2007PASJ...59..841I},
      adsnote = {Provided by the SAO/NASA Astrophysics Data System}
}

@ARTICLE{scibook,
       author = {{LSST Science Collaboration} and {Abell}, Paul A. and {Allison}, Julius and
         {Anderson}, Scott F. and {Andrew}, John R. and {Angel}, J. Roger P. and
         {Armus}, Lee and {Arnett}, David and {Asztalos}, S.~J. and
         {Axelrod}, Tim S. and {Bailey}, Stephen and {Ballantyne}, D.~R. and
         {Bankert}, Justin R. and {Barkhouse}, Wayne A. and {Barr}, Jeffrey D. and
         {Barrientos}, L. Felipe and {Barth}, Aaron J. and {Bartlett}, James G. and
         {Becker}, Andrew C. and {Becla}, Jacek and {Beers}, Timothy C. and
         {Bernstein}, Joseph P. and {Biswas}, Rahul and {Blanton}, Michael R. and
         {Bloom}, Joshua S. and {Bochanski}, John J. and {Boeshaar}, Pat and
         {Borne}, Kirk D. and {Bradac}, Marusa and {Brandt}, W.~N. and
         {Bridge}, Carrie R. and {Brown}, Michael E. and {Brunner}, Robert J. and
         {Bullock}, James S. and {Burgasser}, Adam J. and {Burge}, James H. and
         {Burke}, David L. and {Cargile}, Phillip A. and {Chand
        rasekharan}, Srinivasan and {Chartas}, George and {Chesley}, Steven R. and
         {Chu}, You-Hua and {Cinabro}, David and {Claire}, Mark W. and
         {Claver}, Charles F. and {Clowe}, Douglas and {Connolly}, A.~J. and
         {Cook}, Kem H. and {Cooke}, Jeff and {Cooray}, Asantha and
         {Covey}, Kevin R. and {Culliton}, Christopher S. and {de Jong}, Roelof and
         {de Vries}, Willem H. and {Debattista}, Victor P. and
         {Delgado}, Francisco and {Dell'Antonio}, Ian P. and {Dhital}, Saurav and
         {Di Stefano}, Rosanne and {Dickinson}, Mark and {Dilday}, Benjamin and
         {Djorgovski}, S.~G. and {Dobler}, Gregory and {Donalek}, Ciro and
         {Dubois-Felsmann}, Gregory and {Durech}, Josef and
         {Eliasdottir}, Ardis and {Eracleous}, Michael and {Eyer}, Laurent and
         {Falco}, Emilio E. and {Fan}, Xiaohui and {Fassnacht}, Christopher D. and
         {Ferguson}, Harry C. and {Fernandez}, Yanga R. and {Fields}, Brian D. and
         {Finkbeiner}, Douglas and {Figueroa}, Eduardo E. and {Fox}, Derek B. and
         {Francke}, Harold and {Frank}, James S. and {Frieman}, Josh and
         {Fromenteau}, Sebastien and {Furqan}, Muhammad and {Galaz}, Gaspar and
         {Gal-Yam}, A. and {Garnavich}, Peter and {Gawiser}, Eric and
         {Geary}, John and {Gee}, Perry and {Gibson}, Robert R. and
         {Gilmore}, Kirk and {Grace}, Emily A. and {Green}, Richard F. and
         {Gressler}, William J. and {Grillmair}, Carl J. and {Habib}, Salman and
         {Haggerty}, J.~S. and {Hamuy}, Mario and {Harris}, Alan W. and
         {Hawley}, Suzanne L. and {Heavens}, Alan F. and {Hebb}, Leslie and
         {Henry}, Todd J. and {Hileman}, Edward and {Hilton}, Eric J. and
         {Hoadley}, Keri and {Holberg}, J.~B. and {Holman}, Matt J. and
         {Howell}, Steve B. and {Infante}, Leopoldo and {Ivezic}, Zeljko and
         {Jacoby}, Suzanne H. and {Jain}, Bhuvnesh and {R} and {Jedicke} and
         {Jee}, M. James and {Garrett Jernigan}, J. and {Jha}, Saurabh W. and
         {Johnston}, Kathryn V. and {Jones}, R. Lynne and {Juric}, Mario and
         {Kaasalainen}, Mikko and {Styliani} and {Kafka} and {Kahn}, Steven M. and
         {Kaib}, Nathan A. and {Kalirai}, Jason and {Kantor}, Jeff and
         {Kasliwal}, Mansi M. and {Keeton}, Charles R. and {Kessler}, Richard and
         {Knezevic}, Zoran and {Kowalski}, Adam and {Krabbendam}, Victor L. and
         {Krughoff}, K. Simon and {Kulkarni}, Shrinivas and {Kuhlman}, Stephen and
         {Lacy}, Mark and {Lepine}, Sebastien and {Liang}, Ming and {Lien}, Amy and
         {Lira}, Paulina and {Long}, Knox S. and {Lorenz}, Suzanne and
         {Lotz}, Jennifer M. and {Lupton}, R.~H. and {Lutz}, Julie and
         {Macri}, Lucas M. and {Mahabal}, Ashish A. and {Mandelbaum}, Rachel and
         {Marshall}, Phil and {May}, Morgan and {McGehee}, Peregrine M. and
         {Meadows}, Brian T. and {Meert}, Alan and {Milani}, Andrea and
         {Miller}, Christopher J. and {Miller}, Michelle and {Mills}, David and
         {Minniti}, Dante and {Monet}, David and {Mukadam}, Anjum S. and
         {Nakar}, Ehud and {Neill}, Douglas R. and {Newman}, Jeffrey A. and
         {Nikolaev}, Sergei and {Nordby}, Martin and {O'Connor}, Paul and
         {Oguri}, Masamune and {Oliver}, John and {Olivier}, Scot S. and
         {Olsen}, Julia K. and {Olsen}, Knut and {Olszewski}, Edward W. and
         {Oluseyi}, Hakeem and {Padilla}, Nelson D. and {Parker}, Alex and
         {Pepper}, Joshua and {Peterson}, John R. and {Petry}, Catherine and
         {Pinto}, Philip A. and {Pizagno}, James L. and {Popescu}, Bogdan and
         {Prsa}, Andrej and {Radcka}, Veljko and {Raddick}, M. Jordan and
         {Rasmussen}, Andrew and {Rau}, Arne and {Rho}, Jeonghee and
         {Rhoads}, James E. and {Richards}, Gordon T. and {Ridgway}, Stephen T. and
         {Robertson}, Brant E. and {Roskar}, Rok and {Saha}, Abhijit and
         {Sarajedini}, Ata and {Scannapieco}, Evan and {Schalk}, Terry and
         {Schindler}, Rafe and {Schmidt}, Samuel and {Schmidt}, Sarah and
         {Schneider}, Donald P. and {Schumacher}, German and {Scranton}, Ryan and
         {Sebag}, Jacques and {Seppala}, Lynn G. and {Shemmer}, Ohad and
         {Simon}, Joshua D. and {Sivertz}, M. and {Smith}, Howard A. and
         {Allyn Smith}, J. and {Smith}, Nathan and {Spitz}, Anna H. and
         {Stanford}, Adam and {Stassun}, Keivan G. and {Strader}, Jay and
         {Strauss}, Michael A. and {Stubbs}, Christopher W. and
         {Sweeney}, Donald W. and {Szalay}, Alex and {Szkody}, Paula and
         {Takada}, Masahiro and {Thorman}, Paul and {Trilling}, David E. and
         {Trimble}, Virginia and {Tyson}, Anthony and {Van Berg}, Richard and {Vand
        en Berk}, Daniel and {VanderPlas}, Jake and {Verde}, Licia and
         {Vrsnak}, Bojan and {Walkowicz}, Lucianne M. and {Wand
        elt}, Benjamin D. and {Wang}, Sheng and {Wang}, Yun and
         {Warner}, Michael and {Wechsler}, Risa H. and {West}, Andrew A. and
         {Wiecha}, Oliver and {Williams}, Benjamin F. and {Willman}, Beth and
         {Wittman}, David and {Wolff}, Sidney C. and {Wood-Vasey}, W. Michael and
         {Wozniak}, Przemek and {Young}, Patrick and {Zentner}, Andrew and
         {Zhan}, Hu},
        title = "{LSST Science Book, Version 2.0}",
      journal = {arXiv e-prints},
     keywords = {Astrophysics - Instrumentation and Methods for Astrophysics, Astrophysics - Cosmology and Extragalactic Astrophysics, Astrophysics - Earth and Planetary Astrophysics, Astrophysics - Galaxy Astrophysics, Astrophysics - Solar and Stellar Astrophysics},
         year = 2009,
        month = dec,
          eid = {arXiv:0912.0201},
        pages = {arXiv:0912.0201},
archivePrefix = {arXiv},
       eprint = {0912.0201},
 primaryClass = {astro-ph.IM},
       adsurl = {https://ui.adsabs.harvard.edu/abs/2009arXiv0912.0201L},
      adsnote = {Provided by the SAO/NASA Astrophysics Data System}
}

@article{10.1093/mnras/stu992,
    author = {Crumey, Andrew},
    title = "{Human contrast threshold and astronomical visibility}",
    journal = {Monthly Notices of the Royal Astronomical Society},
    volume = {442},
    number = {3},
    pages = {2600-2619},
    year = {2014},
    month = {06},
    abstract = "{The standard visibility model in light-pollution studies is the formula of Hecht, as used e.g. by Schaefer. However, it is applicable only to point sources and is shown to be of limited accuracy. A new visibility model is presented for uniform achromatic targets of any size against background luminances ranging from zero to full daylight, produced by a systematic procedure applicable to any appropriate data set (e.g. Blackwell's), and based on a simple but previously unrecognized empirical relation between contrast threshold and adaptation luminance. The scotopic luminance correction for variable spectral radiance (colour index) is calculated. For point sources, the model is more accurate than Hecht's formula and is verified using telescopic data collected at Mount Wilson in 1947, enabling the sky brightness at that time to be determined. The result is darker than the calculation by Garstang, implying that light pollution grew more rapidly in subsequent decades than has been supposed. The model is applied to the nebular observations of William Herschel, enabling his visual performance to be quantified. Proposals are made regarding sky quality indicators for public use.}",
    issn = {0035-8711},
    doi = {10.1093/mnras/stu992},
    url = {https://doi.org/10.1093/mnras/stu992},
    eprint = {https://academic.oup.com/mnras/article-pdf/442/3/2600/3592657/stu992.pdf},
}

@ARTICLE{vk1,
   author = {{Borgnino}, J.},
    title = "{Estimation of the spatial coherence outer scale relevant to long baseline interferometry and imaging in optical astronomy}",
  journal = {\ao},
 keywords = {Geometrical Optics, Seeing (Astronomy), Very Long Base Interferometry, Atmospheric Turbulence, Image Processing, Michelson Interferometers},
     year = 1990,
    month = may,
   volume = 29,
    pages = {1863-1865},
      doi = {10.1364/AO.29.001863},
   adsurl = {http://adsabs.harvard.edu/abs/1990ApOpt..29.1863B},
  adsnote = {Provided by the SAO/NASA Astrophysics Data System}
}

@ARTICLE{vk2,
   author = {{Ziad}, A. and {Conan}, R. and {Tokovinin}, A. and {Martin}, F. and 
	{Borgnino}, J.},
    title = "{From the Grating Scale Monitor to the Generalized Seeing Monitor}",
  journal = {\ao},
     year = 2000,
    month = oct,
   volume = 39,
    pages = {5415-5425},
      doi = {10.1364/AO.39.005415},
   adsurl = {http://adsabs.harvard.edu/abs/2000ApOpt..39.5415Z},
  adsnote = {Provided by the SAO/NASA Astrophysics Data System}
}
